<collection xmlns="http://www.loc.gov/MARC21/slim">
<record>
  <leader>01799nam0a22002891i 450 </leader>
  <controlfield tag="001">IT\ICCU\CNCE\035156</controlfield>
  <controlfield tag="005">20061019000000.0</controlfield>
  <datafield tag="012" ind1=" " ind2=" ">
    <subfield code="a">guet i.a. i.i, DoCr (3) 1557 (Q)</subfield>
    <subfield code="2">fei</subfield>
  </datafield>
  <datafield tag="100" ind1=" " ind2=" ">
    <subfield code="a">19980109f1557        0itac0103    ba</subfield>
  </datafield>
  <datafield tag="101" ind1=" " ind2=" ">
    <subfield code="a">LAT</subfield>
  </datafield>
  <datafield tag="102" ind1=" " ind2=" ">
    <subfield code="a">IT</subfield>
  </datafield>
  <datafield tag="200" ind1="1" ind2=" ">
    <subfield code="a">Excelsis et illustribus dominis conseruatoribus pacis Vrbisueteris, ac populo presidentibus et administrantibus remp. sal. d. nomina cognomina patri ̆tempora et gradus nobilium ac popularium domorum nunc viuentium iusta mores dominorum septem antiquorum regentium, quis septimo quoque anno agebant pyscidem quisque vir pro quolibet domo in extractione quatuor magistratuum ex VII pilis rubris pro tribus mensibus annuatim</subfield>
  </datafield>
  <datafield tag="210" ind1=" " ind2=" ">
    <subfield code="d">\1557!</subfield>
  </datafield>
  <datafield tag="215" ind1=" " ind2=" ">
    <subfield code="a">14 c.</subfield>
    <subfield code="d">4ʻ</subfield>
  </datafield>
  <datafield tag="300" ind1=" " ind2=" ">
    <subfield code="a">Il nome dell&apos;autore si ricava da c. A2r. - Stampata a Orvieto da Pietro Matteo Tesori; per il tipografo e la data cfr.: Annali tipografici di Orvieto. A cura di Lucia Tammaro, p. 4, n. 4</subfield>
  </datafield>
  <datafield tag="620" ind1=" " ind2=" ">
    <subfield code="a">IT</subfield>
    <subfield code="d">Orvieto</subfield>
  </datafield>
  <datafield tag="700" ind1=" " ind2="1">
    <subfield code="a">Manenti,</subfield>
    <subfield code="b">Manente</subfield>
    <subfield code="3">IT\ICCU\CNCA\009955</subfield>
  </datafield>
  <datafield tag="712" ind1="0" ind2="0">
    <subfield code="a">Tesori, Pietro Matteo</subfield>
    <subfield code="3">IT\ICCU\CNCT\001382</subfield>
    <subfield code="4">650</subfield>
  </datafield>
  <datafield tag="791" ind1="0" ind2="0">
    <subfield code="a">Thesorius, Petrus Mattheus</subfield>
    <subfield code="3">IT\ICCU\CNCT\002903</subfield>
    <subfield code="z">Tesori, Pietro Matteo</subfield>
  </datafield>
  <datafield tag="791" ind1="0" ind2="0">
    <subfield code="a">Tisoro, Pietro Matteo</subfield>
    <subfield code="3">IT\ICCU\CNCT\004117</subfield>
    <subfield code="z">Tesori, Pietro Matteo</subfield>
  </datafield>
  <datafield tag="791" ind1="0" ind2="0">
    <subfield code="a">Tesore, Piero Matheo de</subfield>
    <subfield code="3">IT\ICCU\CNCT\005578</subfield>
    <subfield code="z">Tesori, Pietro Matteo</subfield>
  </datafield>
  <datafield tag="801" ind1=" " ind2="3">
    <subfield code="a">IT</subfield>
    <subfield code="b">ICCU</subfield>
    <subfield code="c">20201114</subfield>
  </datafield>
  <datafield tag="899" ind1=" " ind2=" ">
    <subfield code="a">Biblioteca del Seminario Vescovile della Facolt ̉Teologica del Triveneto dell&apos;Istituto Filosofico Aloisianum. Padova</subfield>
    <subfield code="1">PD0073</subfield>
    <subfield code="2">PUV 01</subfield>
  </datafield>
  <datafield tag="899" ind1=" " ind2=" ">
    <subfield code="a">Biblioteca comunale Augusta. Perugia</subfield>
    <subfield code="1">PG0109</subfield>
    <subfield code="2">UM1 01</subfield>
  </datafield>
  <datafield tag="899" ind1=" " ind2=" ">
    <subfield code="a">Biblioteca Casanatense. Roma</subfield>
    <subfield code="1">RM0313</subfield>
    <subfield code="2">RML 07</subfield>
  </datafield>
  <datafield tag="899" ind1=" " ind2=" ">
    <subfield code="a">Nuova biblioteca pubblica Luigi Fumi. Orvieto</subfield>
    <subfield code="1">TR0022</subfield>
    <subfield code="2">UM1 06</subfield>
  </datafield>
  <datafield tag="899" ind1=" " ind2=" ">
    <subfield code="a">Biblioteca dell&apos;Opera del Duomo di Orvieto. Orvieto</subfield>
    <subfield code="1">TR0023</subfield>
    <subfield code="2">ZTR 05</subfield>
  </datafield>
</record>
</collection>
